<?xml version="1.0" encoding="UTF-8"?><record xmlns="http://www.loc.gov/MARC21/slim" xmlns:cinclude="http://apache.org/cocoon/include/1.0" xmlns:zs="http://www.loc.gov/zing/srw/">
  <leader>00459nz  a2200145n  4500</leader>
  <controlfield tag="001">nr 95023783 </controlfield>
  <controlfield tag="003">DLC</controlfield>
  <controlfield tag="005">19950629054225.3</controlfield>
  <controlfield tag="008">950628n| acannaab|          |a aaa     c</controlfield>
  <datafield tag="010" ind1=" " ind2=" ">
    <subfield code="a">nr 95023783 </subfield>
  </datafield>
  <datafield tag="040" ind1=" " ind2=" ">
    <subfield code="a">NjP</subfield>
    <subfield code="c">NjP</subfield>
  </datafield>
  <datafield tag="100" ind1="1" ind2="0">
    <subfield code="a">Booth, David A.</subfield>
    <subfield code="q">(David Albin)</subfield>
  </datafield>
  <datafield tag="400" ind1="1" ind2="0">
    <subfield code="w">nna</subfield>
    <subfield code="a">Booth, David Albin</subfield>
  </datafield>
  <datafield tag="670" ind1=" " ind2=" ">
    <subfield code="a">Council-manager government, 1940-64, 1965:</subfield>
    <subfield code="b">t.p. (David A. Booth)</subfield>
  </datafield>
  <datafield tag="670" ind1=" " ind2=" ">
    <subfield code="a">LC in RLIN, 6-26-95</subfield>
    <subfield code="b">(hdg.: Booth, David Albin; usage: David A. Booth)</subfield>
  </datafield>
</record>